<?xml version="1.0" encoding="UTF-8"?><collection xmlns="http://www.loc.gov/MARC21/slim"><record><leader>00481nam--2200181-i-4500</leader><controlfield tag="001">000007380</controlfield><controlfield tag="002">20161230</controlfield><controlfield tag="005">20161230201027</controlfield><controlfield tag="008">060222s1000------------r-----000-0-eng-d</controlfield><datafield ind1=" " ind2=" " tag="040"><subfield code="a">IFIN-HH</subfield></datafield><datafield ind1=" " ind2=" " tag="080"><subfield code="a">620.179.16</subfield></datafield><datafield ind1="1" ind2=" " tag="100"><subfield code="a">Facaoaru, I</subfield></datafield><datafield ind1=" " ind2=" " tag="245"><subfield code="a">Masurari si control cu ultrasunete</subfield><subfield code="c">I. facaoaru, c. negoita, al. bernath</subfield></datafield><datafield ind1=" " ind2=" " tag="260"><subfield code="a">Bucuresti, Editura Tehnica, 1965</subfield></datafield><datafield ind1=" " ind2=" " tag="300"><subfield code="a">531 P</subfield></datafield><datafield ind1="1" ind2=" " tag="700"><subfield code="a">Bernath, Al</subfield></datafield><datafield ind1=" " ind2=" " tag="852"><subfield code="a">22140</subfield><subfield code="c">534</subfield></datafield><datafield ind1=" " ind2=" " tag="CAT"><subfield code="a">Sys</subfield><subfield code="c">20101007</subfield><subfield code="h">121535</subfield></datafield></record></collection>